% https://manas.tungare.name/software/isbn-to-bibtex/

@book{objectivity,
  Author = {Lorraine J. Daston and Peter Galison},
  Title = {Objectivity (Mit Press)},
  Publisher = {Zone Books},
  Year = {2010},
  ISBN = {189095179X}
}

@book{infjest,
  Author = {David Foster Wallace},
  Title = {Infinite Jest},
  Publisher = {Back Bay Books},
  Year = {2009},
  ISBN = {0316920049}
}

@online{elonwallace,
    author = {Brett Williams},
    title = {We need to lay off the overzealous hero-worship of Elon Musk},
    date = {2017},
    month = {Dec},
    day = {15},
    url = {https://mashable.com/2017/12/15/the-dangerous-cult-of-elon-musk-david-foster-wallace}
}

@book{mythofsisyphus,
  Author = {Albert Camus},
  Title = {The Myth of Sisyphus and Other Essays},
  Publisher = {Vintage},
  Year = {1991},
  ISBN = {0679733736}
}

@book{ecosemiotics,
  Author = {Umberto Eco},
  Title = {A Theory of Semiotics (Advances in Semiotics)},
  Publisher = {Indiana University Press},
  Year = {1976},
  ISBN = {0253359554}
}

@book{cambridgemodern,
  Author = {},
  Title = {The Cambridge Companion to Modernism (Cambridge Companions to Literature)},
  Publisher = {Cambridge University Press},
  Year = {2011},
  ISBN = {9781107010635}
}

@book{originspostmodernity,
  Author = {Perry Anderson},
  Title = {The Origins of Postmodernity},
  Publisher = {Verso},
  Year = {1998},
  ISBN = {1859842224},
}

@article{hulkspeedracer2013,
  Author = {Film Crit Hulk},
  Title = {Hulk's Favorite Movies: Speed Racer (2008)},
  journaltitle = {Birth. Movies. Death.},
  date = {2013},
  month = {Nov},
  day = {20},
  url = {https://birthmoviesdeath.com/2013/11/20/hulks-favorite-movies-speed-racer-2008}
}

@article{hulkspeedracer2015,
  Author = {Film Crit Hulk},
  Title = {Film Crit Hulk Smash: SPEED RACER As Artist},
  journaltitle = {Birth. Movies. Death.},
  date = {2015},
  month = {Mar},
  day = {27},
  url = {https://birthmoviesdeath.com/2015/03/27/film-crit-hulk-smash-speed-racer-as-artist}
}

@article{hulkspeedracer2018,
  Author = {Film Crit Hulk},
  Title = {10 Years Later, Why the Wachowskis’ Flop ‘Speed Racer’ Is Actually a Masterpiece},
  journaltitle = {Observer},
  date = {2018},
  month = {May},
  day = {9},
  url = {http://observer.com/2018/05/looking-back-at-the-wachowskis-2008-masterpiece-speed-racer/}
}

@article{hulkshortterm2015,
  Author = {Film Crit Hulk},
  Title = {SXSW Review: Why SHORT TERM 12 Is A Masterpiece},
  journaltitle = {Birth. Movies. Death.},
  date = {2015},
  month = {Mar},
  day = {16},
  url = {https://birthmoviesdeath.com/2013/03/16/sxsw-review-why-short-term-12-is-a-masterpiece}
}

@article{postmodernsep,
  Author = {Gary Aylesworth},
  Title = {Postmodernism},
  journaltitle = {The Stanford Encyclopedia of Philosophy},
  editor = {Edward N. Zalta},
  date = {2005},
  month = {Sep},
  day = {30},
  url = {https://plato.stanford.edu/entries/postmodernism/}
}